<record><leader>00000cas a22000007a 4500</leader><controlfield tag="001">10954599</controlfield><controlfield tag="008">840716d18561863iauwr ne      0    0eng d</controlfield><datafield ind1=" " ind2=" " tag="010"><subfield code="a">sn 84027198 </subfield></datafield><datafield ind1=" " ind2=" " tag="040"><subfield code="a">NPU</subfield><subfield code="b">eng</subfield><subfield code="c">NPU</subfield><subfield code="d">NPX</subfield><subfield code="d">INP</subfield><subfield code="d">DLC</subfield><subfield code="d">INP</subfield><subfield code="d">OCLCQ</subfield></datafield><datafield ind1=" " ind2=" " tag="042"><subfield code="a">msc</subfield></datafield><datafield ind1="0" ind2="0" tag="245"><subfield code="a">Weekly Maquoketa excelsior.</subfield></datafield><datafield ind1="1" ind2="3" tag="246"><subfield code="a">Excelsior</subfield></datafield><datafield ind1=" " ind2=" " tag="260"><subfield code="a">Maquoketa, Iowa :</subfield><subfield code="b">P. Moriarty,</subfield><subfield code="c">-1863.</subfield></datafield><datafield ind1=" " ind2=" " tag="300"><subfield code="a">v.</subfield></datafield><datafield ind1=" " ind2=" " tag="310"><subfield code="a">Weekly</subfield></datafield><datafield ind1="1" ind2=" " tag="362"><subfield code="a">Began with Mar. 18, 1856 issue.</subfield></datafield><datafield ind1="0" ind2=" " tag="362"><subfield code="a">-v. 8, no. 36 (Nov. 10, 1863).</subfield></datafield><datafield ind1=" " ind2=" " tag="500"><subfield code="a">Publisher varies.</subfield></datafield><datafield ind1=" " ind2=" " tag="588"><subfield code="a">Description based on: Vol. 2, no. 20 (July 28, 1857).</subfield></datafield><datafield ind1=" " ind2=" " tag="752"><subfield code="a">United States</subfield><subfield code="b">Iowa</subfield><subfield code="c">Jackson</subfield><subfield code="d">Maquoketa.</subfield></datafield><datafield ind1="0" ind2="0" tag="785"><subfield code="t">Maquoketa excelsior (Maquoketa, Iowa : 1863)</subfield><subfield code="w">(DLC)sn 87099993</subfield><subfield code="w">(OCoLC)15481010</subfield></datafield></record>